date,R&D,ROE,DPO,DTE,Trends,Assets,AssetsCurrent,NoncurrentAssets,AccountsPayable,AccountsPayableCurrent,AccountsReceivableNetCurrent,InventoryNet,Liabilities,LiabilitiesCurrent,PreconfirmationCurrentAssets,OtherAssetsNonCurrent,AssetsFairValueDisclosure,SellingGeneralAndAdministrativeExpense,RepaymentsOfNotesPayable,ResearchDevelopmentAndRelatedExpenses,ResearchAndDevelopmentExpense,SalesRevenueNet,DeferredRevenueCurrent,DebtCurrent,LongTermDebt,LongTermDebtCurrent,LongTermDebtNoneCurrent,OtherLongTermDebt,RepaymentsOfLongTermDebt,InterestExpenseDebt,LiabilitiesAndStockholdersEquity,StockholdersEquity
0,0,0,0,0.0,0,0,0,0,0,0,0,0,0,0,0,0,0,0,0,0,0,0,0,0,0,0,0,00,0,0,0,0
2011q1,0,0,0,0.0,58.0,0,0,0,0,0,0,0,0,0,0,0,0,0,0,0,0,0,0,0,0,0,0,0,0,0,0,0
2011q2,0,0,0,0.0,50.0,0,0,0,0,0,0,0,0,0,0,0,0,0,0,0,0,0,0,0,0,0,0,0,0,0,0,0
2011q3,0,0,0,0.0,50.0,0,0,0,0,0,0,0,0,0,0,0,0,0,0,0,0,0,0,0,0,0,0,0,0,0,0,0
2011q4,0,0,0,0.0,51.333333333333336,0,0,0,0,0,0,0,0,0,0,0,0,0,0,0,0,0,0,0,0,0,0,0,0,0,0,45911000000.0
2012q1,0,0,0,0.0,45.666666666666664,0,0,0,0,0,0,0,0,0,0,0,0,0,0,0,0,0,0,0,0,0,0,0,0,0,0,0
2012q2,0,0,0,0.0,44.333333333333336,0,0,0,0,0,0,0,0,0,0,0,0,0,0,0,0,0,0,0,0,0,0,0,0,0,0,0
2012q3,0,0,0,0.0,43.666666666666664,0,0,0,0,0,0,0,0,0,0,0,0,0,0,0,0,0,0,0,0,0,0,0,0,0,0,0
2012q4,0.19024765190003937,0,0,0.0,46.0,0,0,0,0,0,0,0,0,0,0,0,0,8057000000.0,0,0,10148000000.0,53341000000.0,0,0,0,0,0,0,0,0,0,51203000000.0
2013q1,0,0,0,0.0,42.333333333333336,0,0,0,0,0,0,0,0,0,0,0,0,0,0,0,0,0,0,0,0,0,0,0,0,0,0,0
2013q2,0,0,0,0.0,39.333333333333336,0,0,0,0,0,0,0,0,0,0,0,0,0,0,0,0,0,0,0,0,0,0,0,0,0,0,0
2013q3,0,0,0,0.0,39.0,0,0,0,0,0,0,0,0,0,0,0,0,0,0,0,0,0,0,0,0,0,0,0,0,0,0,0
2013q4,0.20131668816877893,0,0,281000000.0,42.333333333333336,92358000000.0,32084000000.0,0,0,2969000000.0,3582000000.0,4172000000.0,0,13568000000.0,0,0,0,8088000000.0,0,0,10611000000.0,52708000000.0,2096000000.0,281000000.0,0,0.0,0,0,0,0,92358000000.0,58256000000.0
2014q1,0.22297085553118146,0,0,0.0,42.0,0,0,0,0,0,0,0,0,0,0,0,0,2047000000.0,0,0,2846000000.0,12764000000.0,0,0,0,0,0,0,0,0,0,0
2014q2,0.214514006392179,0,0,0.0,38.0,0,0,0,0,0,0,0,0,0,0,0,0,4108000000.0,0,0,5705000000.0,26595000000.0,0,0,0,0,0,0,0,0,0,0
2014q3,0.20770857128970327,0,0,0.0,40.666666666666664,0,0,0,0,0,0,0,0,0,0,0,0,6087000000.0,0,0,8547000000.0,41149000000.0,0,0,0,0,0,0,0,0,0,0
2014q4,0.2064972257025237,0,0,14791000000.0,41.333333333333336,91900000000.0,27730000000.0,0,0,2748000000.0,4427000000.0,4273000000.0,0,16011000000.0,0,0,0,8136000000.0,0,0,11537000000.0,55870000000.0,2205000000.0,1596000000.0,13195000000.0,1088000000.0,0,0,0.0,0,91900000000.0,55865000000.0
2015q1,0.23433221187700493,0,0,1121000000.0,41.333333333333336,89566000000.0,26466000000.0,0,0,2775000000.0,3246000000.0,4418000000.0,0,15035000000.0,0,0,0,1953000000.0,0,0,2995000000.0,12781000000.0,2196000000.0,1121000000.0,0,0,0,0,0,0,89566000000.0,54924000000.0
2015q2,0.23413920542038805,0,0,1118000000.0,39.0,90492000000.0,26710000000.0,0,0,2359000000.0,3860000000.0,4818000000.0,0,13529000000.0,0,0,0,3902000000.0,0,0,6082000000.0,25976000000.0,2082000000.0,1118000000.0,0,1095000000.0,0,0,0,0,90492000000.0,57695000000.0
2015q3,0.22276897208278726,0,0,22351000000.0,42.333333333333336,98552000000.0,36205000000.0,0,0,2449000000.0,4101000000.0,4965000000.0,0,15080000000.0,0,0,0,5812000000.0,0,0,9009000000.0,40441000000.0,2160000000.0,1129000000.0,21222000000.0,1096000000.0,0,0,0,0,98552000000.0,57097000000.0
2015q4,0.21909493270707253,0,0,25341000000.0,42.666666666666664,101459000000.0,38320000000.0,0,0,2063000000.0,4787000000.0,5167000000.0,0,15646000000.0,0,0,0,7930000000.0,0,0,12128000000.0,55355000000.0,2188000000.0,2634000000.0,22707000000.0,2602000000.0,0,0,0.0,0,101459000000.0,61085000000.0
2016q1,0.23689972266822362,0,0,28043000000.0,32.666666666666664,105467000000.0,27397000000.0,0,0,3163000000.0,4216000000.0,5751000000.0,0,17526000000.0,0,0,0,2226000000.0,0,0,3246000000.0,13702000000.0,2632000000.0,3594000000.0,24449000000.0,2606000000.0,0,0,0,0,105467000000.0,61174000000.0
2016q2,0.2346612814393244,0,0,31798000000.0,32.333333333333336,109831000000.0,31188000000.0,0,0,3420000000.0,4426000000.0,5800000000.0,0,18711000000.0,0,0,0,4233000000.0,0,0,6391000000.0,27235000000.0,2807000000.0,4560000000.0,27238000000.0,3111000000.0,0,0,0.0,0,109831000000.0,61367000000.0
2016q3,0.21993350847418222,0,0,30804000000.0,30.333333333333332,112217000000.0,36216000000.0,0,0,3181000000.0,4952000000.0,5783000000.0,0,20093000000.0,0,0,0,6239000000.0,0,0,9460000000.0,43013000000.0,1724000000.0,3573000000.0,27231000000.0,3115000000.0,0,0,0.0,0,112217000000.0,63115000000.0
2016q4,0.21452506440803543,0,0,29971000000.0,33.333333333333336,113327000000.0,35508000000.0,0,0,2475000000.0,4690000000.0,5553000000.0,0,20302000000.0,0,0,0,8397000000.0,0,0,12740000000.0,59387000000.0,1718000000.0,4634000000.0,25337000000.0,4618000000.0,0,0,1500000000.0,0,113327000000.0,66226000000.0
2017q1,0.22479048391457152,0,0,5073000000.0,33.666666666666664,115648000000.0,36058000000.0,0,0,3221000000.0,4921000000.0,5801000000.0,0,21305000000.0,0,0,0,2104000000.0,0,0,3326000000.0,14796000000.0,1698000000.0,5073000000.0,0,0,0,0,0.0,0,115648000000.0,66844000000.0
2017q2,0.22331607970499678,0,0,36189000000.0,31.666666666666668,122107000000.0,40617000000.0,0,0,3671000000.0,5397000000.0,6324000000.0,0,18782000000.0,0,0,0,3958000000.0,0,0,6601000000.0,29559000000.0,1587000000.0,4130000000.0,32059000000.0,4125000000.0,0,0,500000000.0,0,122107000000.0,68625000000.0
2017q3,0.21492955281351186,0,0,35844000000.0,29.0,127088000000.0,33154000000.0,0,0,3554000000.0,5954000000.0,6929000000.0,0,20689000000.0,0,0,0,5624000000.0,0,0,9824000000.0,45708000000.0,1706000000.0,4142000000.0,31702000000.0,4129000000.0,0,0,1502000000.0,0,127088000000.0,70936000000.0
2017q4,0.20869648348496678,0,0,28552000000.0,32.333333333333336,123249000000.0,29500000000.0,0,0,2928000000.0,5607000000.0,6983000000.0,0,17421000000.0,0,0,0,7474000000.0,0,0,13098000000.0,62761000000.0,1656000000.0,1776000000.0,26776000000.0,1739000000.0,0,0,8080000000.0,0,123249000000.0,69019000000.0
2018q1,0.20608738951823727,0,0,3842000000.0,34.333333333333336,128596000000.0,31630000000.0,0,0,4415000000.0,4879000000.0,7146000000.0,0,19961000000.0,0,0,0,1900000000.0,0,0,3311000000.0,16066000000.0,0.0,3842000000.0,0,0,0,0,327000000.0,0,128596000000.0,70165000000.0
2018q2,0.20231318880949498,0,0,3510000000.0,29.333333333333332,125972000000.0,27603000000.0,0,0,4143000000.0,4636000000.0,7344000000.0,0,17571000000.0,0,0,0,3625000000.0,0,0,6682000000.0,33028000000.0,0.0,3510000000.0,0,0,0,0,1169000000.0,0,125972000000.0,70047000000.0
2018q3,0,0,0,3051000000.0,29.333333333333332,128242000000.0,29590000000.0,0,0,3593000000.0,5457000000.0,7401000000.0,0,19574000000.0,0,0,0,5230000000.0,0,0,10110000000.0,0,0,3051000000.0,0,0,0,0,1928000000.0,0,128242000000.0,71483000000.0
2018q4,0,0,0,27120000000.0,30.333333333333332,127963000000.0,28787000000.0,0,0,3824000000.0,6722000000.0,7253000000.0,0,16626000000.0,0,0,0,6750000000.0,0,0,13543000000.0,0,0,1261000000.0,25859000000.0,761000000.0,0,0,3026000000.0,0,127963000000.0,74563000000.0
2019q1,0,0,0,2750000000.0,27.0,129458000000.0,29060000000.0,0,0,4059000000.0,6957000000.0,7765000000.0,0,18911000000.0,0,0,0,1533000000.0,0,0,3332000000.0,0,0,2750000000.0,0,0,0,0,861000000.0,0,129458000000.0,73661000000.0
2019q2,0,0,0,3726000000.0,26.333333333333332,130759000000.0,29239000000.0,0,0,4682000000.0,6233000000.0,8696000000.0,0,19705000000.0,0,0,0,3122000000.0,0,0,6770000000.0,0,0,3726000000.0,0,0,0,0,1033000000.0,0,130759000000.0,74947000000.0
2019q3,0,0,0,5200000000.0,26.666666666666668,133768000000.0,29957000000.0,0,0,4809000000.0,6880000000.0,8638000000.0,0,25064000000.0,0,0,0,4608000000.0,0,0,9978000000.0,0,0,5200000000.0,0,0,0,0,1478000000.0,0,133768000000.0,74242000000.0
2019q4,0,0,0,32696000000.0,27.0,136524000000.0,31239000000.0,0,0,4128000000.0,7659000000.0,8744000000.0,0,22310000000.0,0,0,0,6150000000.0,0,0,13362000000.0,0,0,3693000000.0,29003000000.0,3695000000.0,0,0,2627000000.0,0,136524000000.0,77504000000.0
2020q1,0,0,0,43383000000.0,27.0,147710000000.0,41501000000.0,0,0,4638000000.0,8455000000.0,9246000000.0,0,23895000000.0,0,0,0,1541000000.0,0,0,3275000000.0,0,0,3464000000.0,39919000000.0,3464000000.0,0,0,1075000000.0,0,147710000000.0,76354000000.0
2020q2,0,0,0,40601000000.0,32.666666666666664,152539000000.0,44390000000.0,0,0,5045000000.0,7441000000.0,8969000000.0,0,22481000000.0,0,0,0,2988000000.0,0,0,6629000000.0,0,0,2254000000.0,38347000000.0,2254000000.0,0,0,2775000000.0,0,152539000000.0,82010000000.0
2020q3,0,0,0,37067000000.0,34.333333333333336,145261000000.0,36785000000.0,0,0,5159000000.0,7140000000.0,9273000000.0,0,22112000000.0,0,0,0,4423000000.0,0,0,9901000000.0,0,0,504000000.0,36563000000.0,504000000.0,0,0,4525000000.0,0,145261000000.0,74554000000.0
2020q4,0,0,0,38905000000.0,31.333333333333332,153091000000.0,47249000000.0,0,0,5581000000.0,6782000000.0,8427000000.0,0,24754000000.0,0,0,0,6180000000.0,0,0,13556000000.0,0,0,2504000000.0,36401000000.0,2504000000.0,0,0,4525000000.0,0,153091000000.0,81038000000.0
2021q1,0,0,0,2647000000.0,29.0,150622000000.0,45773000000.0,0,0,5434000000.0,7208000000.0,8487000000.0,0,24151000000.0,0,0,0,1328000000.0,0,0,3623000000.0,0,0,2647000000.0,0,0,0,0,0.0,0,150622000000.0,79807000000.0
2021q2,0,0,0,3695000000.0,25.666666666666668,154597000000.0,49372000000.0,0,0,5917000000.0,7460000000.0,8817000000.0,0,24836000000.0,0,0,0,2927000000.0,0,0,7338000000.0,0,0,3695000000.0,0,0,0,0,500000000.0,0,154597000000.0,85207000000.0
2021q3,0,0,0,44998000000.0,24.666666666666668,167962000000.0,61304000000.0,0,0,6792000000.0,8400000000.0,9798000000.0,0,29572000000.0,0,0,0,4601000000.0,0,0,11141000000.0,0,0,4694000000.0,40304000000.0,4694000000.0,0,0,500000000.0,0,167962000000.0,90087000000.0
2021q4,0,0,0,0.0,22.0,0,0,0,0,0,0,0,0,0,0,0,0,0,0,0,0,0,0,0,0,0,0,0,0,0,0,0
