date,R&D,ROE,DPO,DTE,Trends,Assets,AssetsCurrent,NoncurrentAssets,AccountsPayable,AccountsPayableCurrent,AccountsReceivableNetCurrent,InventoryNet,Liabilities,LiabilitiesCurrent,PreconfirmationCurrentAssets,OtherAssetsNonCurrent,AssetsFairValueDisclosure,SellingGeneralAndAdministrativeExpense,RepaymentsOfNotesPayable,ResearchDevelopmentAndRelatedExpenses,ResearchAndDevelopmentExpense,SalesRevenueNet,DeferredRevenueCurrent,DebtCurrent,LongTermDebt,LongTermDebtCurrent,LongTermDebtNoneCurrent,OtherLongTermDebt,RepaymentsOfLongTermDebt,InterestExpenseDebt,LiabilitiesAndStockholdersEquity,StockholdersEquity
0,0,0,0,0.0,0,0,0,0,0,0,0,0,0,0,0,0,0,0,0,0,0,0,0,0,0,0,0,00,0,0,0,0
2011q1,0,0,0,0.0,27.0,0,0,0,0,0,0,0,0,0,0,0,0,0,0,0,0,0,0,0,0,0,0,0,0,0,0,0
2011q2,0,0,0,0.0,23.333333333333332,0,0,0,0,0,0,0,0,0,0,0,0,0,0,0,0,0,0,0,0,0,0,0,0,0,0,0
2011q3,0,0,0,0.0,22.333333333333332,0,0,0,0,0,0,0,0,0,0,0,0,0,0,0,0,0,0,0,0,0,0,0,0,0,0,0
2011q4,0,0,0,0.0,20.666666666666668,0,0,0,0,0,0,0,0,0,0,0,0,0,0,0,0,0,0,0,0,0,0,0,0,0,0,0
2012q1,0,0,0,0.0,20.333333333333332,0,0,0,0,0,0,0,0,0,0,0,0,0,0,0,0,0,0,0,0,0,0,0,0,0,0,0
2012q2,0,0,0,0.0,19.666666666666668,0,0,0,0,0,0,0,0,0,0,0,0,0,0,0,0,0,0,0,0,0,0,0,0,0,0,0
2012q3,0,0,0,0.0,18.666666666666668,0,0,0,0,0,0,0,0,0,0,0,0,0,0,0,0,0,0,0,0,0,0,0,0,0,0,0
2012q4,0,0,0,0.0,16.666666666666668,119213000000.0,0,0,0,0,0,0,0,0,0,0,0,23463000000.0,0,0,5816000000.0,0,0,0,0,0,0,0,0,0,0,0
2013q1,0,0,0,0.0,18.666666666666668,0,0,0,0,0,0,0,0,0,0,0,0,0,0,0,0,0,0,0,0,0,0,0,0,0,0,0
2013q2,0,0,0,0.0,19.0,0,0,0,0,0,0,0,0,0,0,0,0,0,0,0,0,0,0,0,0,0,0,0,0,0,0,0
2013q3,0,0,0,0.0,18.333333333333332,0,0,0,0,0,0,0,0,0,0,0,0,0,0,0,0,0,0,0,0,0,0,0,0,0,0,0
2013q4,0,0,0,43572000000.0,17.0,126223000000.0,51350000000.0,0,0,7461000000.0,10465000000.0,2310000000.0,103294000000.0,40154000000.0,0,0,0,23451000000.0,0,0,5743000000.0,0,12557000000.0,6862000000.0,36710000000.0,3854000000.0,0,0,0,0,126223000000.0,22792000000.0
2014q1,0,0,0,0.0,19.333333333333332,0,0,0,0,0,0,0,0,0,0,0,0,6272000000.0,0,0,1402000000.0,0,0,0,0,0,0,0,0,0,0,0
2014q2,0,0,0,0.0,18.0,0,0,0,0,0,0,0,0,0,0,0,0,11865000000.0,0,0,2763000000.0,0,0,0,0,0,0,0,0,0,0,0
2014q3,0,0,0,0.0,18.666666666666668,0,0,0,0,0,0,0,0,0,0,0,0,17146000000.0,0,0,4117000000.0,0,0,0,0,0,0,0,0,0,0,489000000.0
2014q4,0,0,0,45406000000.0,17.333333333333332,117532000000.0,49422000000.0,0,0,6864000000.0,9090000000.0,2103000000.0,105518000000.0,39600000000.0,0,0,0,23180000000.0,0,0,5437000000.0,0,11877000000.0,5731000000.0,39675000000.0,4601000000.0,0,0,0,0,117532000000.0,11868000000.0
2015q1,0,0,0,42899000000.0,19.0,112037000000.0,46316000000.0,0,0,6314000000.0,8806000000.0,1970000000.0,99747000000.0,35640000000.0,0,0,0,5362000000.0,0,0,1298000000.0,0,12162000000.0,4532000000.0,38367000000.0,4072000000.0,0,0,0,0,112037000000.0,12141000000.0
2015q2,0,0,0,42594000000.0,17.0,112729000000.0,45186000000.0,0,0,5943000000.0,8632000000.0,1912000000.0,98892000000.0,35535000000.0,0,0,0,10541000000.0,0,0,2598000000.0,0,11332000000.0,5329000000.0,37265000000.0,3926000000.0,0,0,0,0,112729000000.0,13684000000.0
2015q3,0,0,0,44945000000.0,17.666666666666668,108649000000.0,42112000000.0,0,0,5166000000.0,7987000000.0,1613000000.0,95198000000.0,33732000000.0,0,0,0,15273000000.0,0,0,3885000000.0,0,10458000000.0,7538000000.0,37407000000.0,5286000000.0,0,0,0,0,108649000000.0,13294000000.0
2015q4,0,0,0,45160000000.0,16.333333333333332,110495000000.0,42504000000.0,0,0,6028000000.0,8333000000.0,1551000000.0,96071000000.0,34269000000.0,0,0,0,20430000000.0,0,0,5247000000.0,0,11021000000.0,6461000000.0,38699000000.0,5271000000.0,0,0,0,0,110495000000.0,14262000000.0
2016q1,0,0,0,50557000000.0,16.666666666666668,118856000000.0,47623000000.0,0,0,5302000000.0,8527000000.0,1690000000.0,103784000000.0,34664000000.0,0,0,0,6012000000.0,0,0,1458000000.0,0,12609000000.0,5303000000.0,45254000000.0,5000000000.0,0,0,0,0,118856000000.0,14925000000.0
2016q2,0,0,0,49111000000.0,15.333333333333334,118056000000.0,43524000000.0,0,0,5484000000.0,8782000000.0,1685000000.0,102167000000.0,33585000000.0,0,0,0,11361000000.0,0,0,2923000000.0,0,11508000000.0,4887000000.0,44224000000.0,4586000000.0,0,0,0,0,118056000000.0,15733000000.0
2016q3,0,0,0,49044000000.0,14.0,115606000000.0,41433000000.0,0,0,5271000000.0,8291000000.0,1729000000.0,98447000000.0,34447000000.0,0,0,0,4732000000.0,0,0,1397000000.0,0,10815000000.0,6920000000.0,42124000000.0,6561000000.0,0,0,0,0,115606000000.0,17010000000.0
2016q4,0,0,0,48406000000.0,13.666666666666666,117470000000.0,43888000000.0,0,0,6209000000.0,9182000000.0,1553000000.0,99078000000.0,36275000000.0,0,0,0,21069000000.0,0,0,5751000000.0,0,11035000000.0,7513000000.0,40893000000.0,6239000000.0,0,0,0,0,117470000000.0,18246000000.0
2017q1,0,0,0,50838000000.0,16.0,117495000000.0,42889000000.0,0,0,5324000000.0,8377000000.0,1609000000.0,99047000000.0,36481000000.0,0,0,0,5152000000.0,0,0,1533000000.0,0,12351000000.0,8340000000.0,42498000000.0,8055000000.0,0,0,0,0,117495000000.0,18327000000.0
2017q2,0,0,0,53507000000.0,15.0,120495000000.0,45013000000.0,0,0,5126000000.0,8401000000.0,1604000000.0,101951000000.0,35966000000.0,0,0,0,5160000000.0,0,0,1484000000.0,0,11541000000.0,8061000000.0,45446000000.0,7834000000.0,0,0,0,0,120495000000.0,18419000000.0
2017q3,0,0,0,49517000000.0,14.0,121636000000.0,44742000000.0,0,0,5442000000.0,8150000000.0,1711000000.0,101879000000.0,31697000000.0,0,0,0,14959000000.0,0,0,4360000000.0,0,10649000000.0,4299000000.0,45218000000.0,3892000000.0,0,0,0,0,121636000000.0,19627000000.0
2017q4,0,0,0,52039000000.0,13.333333333333334,125356000000.0,49735000000.0,0,0,6451000000.0,8928000000.0,1583000000.0,107631000000.0,37363000000.0,0,0,0,20107000000.0,0,0,5787000000.0,0,11552000000.0,6987000000.0,45052000000.0,5214000000.0,0,0,0,0,125356000000.0,17594000000.0
2018q1,0,0,0,50145000000.0,15.666666666666666,125285000000.0,49122000000.0,0,0,5736000000.0,7778000000.0,1753000000.0,106995000000.0,35733000000.0,0,0,0,5445000000.0,0,0,1405000000.0,0,0,5977000000.0,44168000000.0,3758000000.0,0,0,0,0,125285000000.0,18166000000.0
2018q2,0,0,0,50944000000.0,14.0,121622000000.0,46795000000.0,0,0,5518000000.0,7445000000.0,1742000000.0,102974000000.0,35442000000.0,0,0,0,10302000000.0,0,0,2769000000.0,0,0,7646000000.0,43298000000.0,5447000000.0,0,0,0,0,121622000000.0,18520000000.0
2018q3,0,0,0,53694000000.0,13.0,121990000000.0,48257000000.0,0,0,5384000000.0,7071000000.0,1893000000.0,102071000000.0,36822000000.0,0,0,0,14665000000.0,0,0,1252000000.0,0,0,10932000000.0,42762000000.0,6773000000.0,0,0,0,0,121990000000.0,19784000000.0
2018q4,0,0,0,52863000000.0,13.333333333333334,123382000000.0,49146000000.0,0,0,6558000000.0,7432000000.0,1682000000.0,106452000000.0,38227000000.0,0,0,0,19366000000.0,0,0,5379000000.0,0,11165000000.0,10207000000.0,42656000000.0,7051000000.0,0,0,0,0,123382000000.0,16796000000.0
2019q1,0,0,0,57083000000.0,13.666666666666666,130926000000.0,52705000000.0,0,0,5711000000.0,6987000000.0,1771000000.0,114320000000.0,38871000000.0,0,0,0,4691000000.0,0,0,1433000000.0,0,0,10250000000.0,46833000000.0,7106000000.0,0,0,0,0,130926000000.0,16481000000.0
2019q2,0,0,0,64975000000.0,12.666666666666666,154652000000.0,77517000000.0,0,0,4724000000.0,7414000000.0,1745000000.0,136876000000.0,42351000000.0,0,0,0,10147000000.0,0,0,2840000000.0,0,11261000000.0,0,64975000000.0,6530000000.0,0,0,0,0,154652000000.0,17645000000.0
2019q3,0,0,0,62944000000.0,12.0,149620000000.0,38121000000.0,0,0,4042000000.0,6753000000.0,1712000000.0,131524000000.0,35066000000.0,0,0,0,15171000000.0,0,0,4393000000.0,0,11223000000.0,0,62944000000.0,5147000000.0,0,0,0,0,149620000000.0,17956000000.0
2019q4,0,0,0,0.0,11.333333333333334,152186000000.0,38420000000.0,0,0,4896000000.0,7870000000.0,1619000000.0,131202000000.0,37701000000.0,0,0,0,20604000000.0,0,0,5989000000.0,0,12026000000.0,0,0,0,0,0,0,0,152186000000.0,20841000000.0
2020q1,0,0,0,0.0,13.0,153403000000.0,38931000000.0,0,0,4172000000.0,6927000000.0,1786000000.0,133275000000.0,40673000000.0,0,0,0,5955000000.0,0,0,1625000000.0,0,13377000000.0,0,0,0,0,0,0,0,153403000000.0,19999000000.0
2020q2,0,0,0,0.0,11.333333333333334,154200000000.0,39953000000.0,0,0,4719000000.0,6543000000.0,1869000000.0,133512000000.0,38442000000.0,0,0,0,11203000000.0,0,0,3207000000.0,0,12469000000.0,0,0,0,0,0,0,0,154200000000.0,20551000000.0
2020q3,0,0,0,0.0,11.0,154128000000.0,39845000000.0,0,0,3985000000.0,6099000000.0,1949000000.0,132794000000.0,37993000000.0,0,0,0,4647000000.0,0,0,4722000000.0,0,11681000000.0,0,0,0,0,0,0,0,154128000000.0,21208000000.0
2020q4,0,0,0,0.0,10.0,155971000000.0,39165000000.0,0,0,4908000000.0,7132000000.0,1839000000.0,135244000000.0,39869000000.0,0,0,0,23082000000.0,0,0,6333000000.0,0,12833000000.0,0,0,0,0,0,0,0,155971000000.0,20597000000.0
2021q1,0,0,0,0.0,10.333333333333334,148629000000.0,34038000000.0,0,0,4140000000.0,6458000000.0,1828000000.0,127116000000.0,36542000000.0,0,0,0,5174000000.0,0,0,1630000000.0,0,14197000000.0,0,0,0,0,0,0,0,148629000000.0,21389000000.0
2021q2,0,0,0,0.0,10.0,146814000000.0,30774000000.0,0,0,4214000000.0,6827000000.0,1807000000.0,124747000000.0,36616000000.0,0,0,0,5334000000.0,0,0,3286000000.0,0,13272000000.0,0,0,0,0,0,0,0,146814000000.0,21942000000.0
2021q3,0,0,0,0.0,9.333333333333334,144214000000.0,29967000000.0,0,0,4248000000.0,6609000000.0,1891000000.0,121858000000.0,35832000000.0,0,0,0,4860000000.0,0,0,4907000000.0,0,12264000000.0,0,0,0,0,0,0,0,144214000000.0,22228000000.0
2021q4,0,0,0,0.0,8.666666666666666,0,0,0,0,0,0,0,0,0,0,0,0,0,0,0,0,0,0,0,0,0,0,0,0,0,0,0
