date,R&D,ROE,DPO,DTE,Trends,Assets,AssetsCurrent,NoncurrentAssets,AccountsPayable,AccountsPayableCurrent,AccountsReceivableNetCurrent,InventoryNet,Liabilities,LiabilitiesCurrent,PreconfirmationCurrentAssets,OtherAssetsNonCurrent,AssetsFairValueDisclosure,SellingGeneralAndAdministrativeExpense,RepaymentsOfNotesPayable,ResearchDevelopmentAndRelatedExpenses,ResearchAndDevelopmentExpense,SalesRevenueNet,DeferredRevenueCurrent,DebtCurrent,LongTermDebt,LongTermDebtCurrent,LongTermDebtNoneCurrent,OtherLongTermDebt,RepaymentsOfLongTermDebt,InterestExpenseDebt,LiabilitiesAndStockholdersEquity,StockholdersEquity
0,0,0,0,0.0,0,0,0,0,0,0,0,0,0,0,0,0,0,0,0,0,0,0,0,0,0,0,0,00,0,0,0,0
2011q1,0,0,0,0.0,30.666666666666668,0,0,0,0,0,0,0,0,0,0,0,0,0,0,0,0,0,0,0,0,0,0,0,0,0,0,0
2011q2,0,0,0,0.0,29.666666666666668,0,0,0,0,0,0,0,0,0,0,0,0,0,0,0,0,0,0,0,0,0,0,0,0,0,0,0
2011q3,0,0,0,0.0,26.333333333333332,0,0,0,0,0,0,0,0,0,0,0,0,0,0,0,0,0,0,0,0,0,0,0,0,0,0,0
2011q4,0,0,0,0.0,25.0,0,0,0,0,0,0,0,0,0,0,0,0,0,0,0,0,0,0,0,0,0,0,0,0,0,0,0
2012q1,0,0,0,0.0,24.666666666666668,0,0,0,0,0,0,0,0,0,0,0,0,0,0,0,0,0,0,0,0,0,0,0,0,0,0,0
2012q2,0,0,0,0.0,20.666666666666668,0,0,0,0,0,0,0,0,0,0,0,0,0,0,0,0,0,0,0,0,0,0,0,0,0,0,0
2012q3,0,0,0,0.0,22.0,0,0,0,0,0,0,0,0,0,0,0,0,0,0,0,0,0,0,0,0,0,0,0,0,0,0,0
2012q4,0,0,0,0.0,28.0,121347000000.0,0,66374000000.0,0,0,0,0,0,0,0,0,0,20869000000.0,0,0,0,0,0,0,0,0,0,0,804000000.0,0,0,0
2013q1,0,0,0,0.0,20.333333333333332,0,0,0,0,0,0,0,0,0,0,0,0,0,0,0,0,0,0,0,0,0,0,0,0,0,0,0
2013q2,0,0,0,0.0,19.333333333333332,0,0,0,0,0,0,0,0,0,0,0,0,0,0,0,0,0,0,0,0,0,0,0,0,0,0,0
2013q3,0,0,0,0.0,19.333333333333332,0,0,0,0,0,0,0,0,0,0,0,0,0,0,0,0,0,0,0,0,0,0,0,0,0,0,0
2013q4,0,0,0,0.0,19.0,132683000000.0,56407000000.0,66463000000.0,0,6266000000.0,11713000000.0,7878000000.0,58630000000.0,25675000000.0,0,0,0,21830000000.0,0,0,0,0,0,0,0,0,0,0,1593000000.0,0,132683000000.0,0
2014q1,0,0,0,0.0,20.333333333333332,0,0,0,0,0,0,0,0,0,0,0,0,5183000000.0,0,0,0,0,0,0,0,0,0,0,21000000.0,0,0,0
2014q2,0,0,0,0.0,19.0,0,0,0,0,0,0,0,0,0,0,0,0,10664000000.0,0,0,0,0,0,0,0,0,0,0,1777000000.0,0,0,0
2014q3,0,0,0,0.0,19.333333333333332,0,0,0,0,0,0,0,0,0,0,0,0,16132000000.0,0,0,0,0,0,0,0,0,0,0,1787000000.0,0,0,0
2014q4,0,0,0,3600000000.0,16.333333333333332,131119000000.0,59311000000.0,64042000000.0,0,7633000000.0,10985000000.0,8184000000.0,61367000000.0,25085000000.0,0,0,0,21954000000.0,0,0,0,0,0,3600000000.0,0,0,0,0,1844000000.0,0,131119000000.0,0
2015q1,0,0,0,0.0,18.333333333333332,128590000000.0,58192000000.0,0,0,6719000000.0,11533000000.0,8085000000.0,60712000000.0,23836000000.0,0,0,0,4847000000.0,0,0,0,0,0,0,0,0,0,0,16000000.0,0,128590000000.0,0
2015q2,0,0,0,0.0,19.0,132036000000.0,61001000000.0,0,0,6140000000.0,11968000000.0,8298000000.0,60905000000.0,24512000000.0,0,0,0,10231000000.0,0,0,0,0,0,0,0,0,0,0,21000000.0,0,132036000000.0,0.0
2015q3,0,0,0,0.0,20.333333333333332,133266000000.0,63494000000.0,0,0,5928000000.0,11366000000.0,8206000000.0,61712000000.0,25260000000.0,0,0,0,15312000000.0,0,0,0,0,0,0,0,0,0,0,27000000.0,0,133266000000.0,0
2015q4,0,0,0,7000000000.0,17.0,133411000000.0,60210000000.0,0,0,6668000000.0,10734000000.0,8053000000.0,62261000000.0,27747000000.0,0,0,0,21203000000.0,0,0,0,0,0,7000000000.0,0,0,0,0,68000000.0,0,133411000000.0,0
2016q1,0,0,0,0.0,18.666666666666668,136231000000.0,62738000000.0,0,0,5965000000.0,11406000000.0,8170000000.0,63584000000.0,22134000000.0,0,0,0,4688000000.0,0,0,0,0,0,0,0,0,0,0,14000000.0,0,136231000000.0,0
2016q2,0,0,0,0.0,18.333333333333332,139814000000.0,66291000000.0,0,0,6061000000.0,12062000000.0,8523000000.0,67341000000.0,21536000000.0,0,0,0,9864000000.0,0,0,0,0,0,0,0,0,0,0,936000000.0,0,139814000000.0,0
2016q3,0,0,0,0.0,15.333333333333334,140369000000.0,63319000000.0,0,0,5971000000.0,11798000000.0,8488000000.0,67600000000.0,23230000000.0,0,0,0,14636000000.0,0,0,0,0,0,0,0,0,0,0,953000000.0,0,140369000000.0,0
2016q4,0,0,0,4700000000.0,15.666666666666666,141208000000.0,65032000000.0,0,0,6918000000.0,11699000000.0,8144000000.0,70790000000.0,26287000000.0,0,0,0,19945000000.0,0,0,0,0,0,4700000000.0,0,1700000000.0,0,0,2223000000.0,0,141208000000.0,0
2017q1,0,0,0,0.0,17.0,144918000000.0,63347000000.0,0,0,6082000000.0,12300000000.0,8878000000.0,74577000000.0,25119000000.0,0,0,0,4737000000.0,0,0,0,0,0,0,0,0,0,0,2000000.0,0,144918000000.0,0
2017q2,0,0,0,0.0,17.333333333333332,152807000000.0,38789000000.0,0,0,6135000000.0,13283000000.0,9699000000.0,80885000000.0,28872000000.0,0,0,0,9999000000.0,0,0,0,0,0,0,0,0,0,0,15000000.0,0,152807000000.0,0
2017q3,0,0,0,0.0,17.0,155658000000.0,41829000000.0,0,0,6390000000.0,13155000000.0,9521000000.0,81679000000.0,31806000000.0,0,0,0,15395000000.0,0,0,0,0,0,0,0,0,0,0,1024000000.0,0,155658000000.0,0
2017q4,0,0,0,3900000000.0,15.0,157303000000.0,43088000000.0,0,0,7310000000.0,13490000000.0,8765000000.0,97143000000.0,30537000000.0,0,0,0,21420000000.0,0,0,0,0,0,3900000000.0,0,1500000000.0,0,0,1777000000.0,0,157303000000.0,0
2018q1,0,0,0,0.0,16.333333333333332,156625000000.0,42768000000.0,0,0,6443000000.0,14166000000.0,9014000000.0,93370000000.0,27081000000.0,0,0,0,5263000000.0,0,0,0,0,0,0,0,0,0,0,8000000.0,0,156625000000.0,0
2018q2,0,0,0,0.0,16.0,155365000000.0,45438000000.0,0,0,6516000000.0,14111000000.0,8810000000.0,92476000000.0,27488000000.0,0,0,0,11006000000.0,0,0,0,0,0,0,0,0,0,0,9000000.0,0,155365000000.0,0
2018q3,0,0,0,0.0,16.666666666666668,155703000000.0,47194000000.0,0,0,7000000000.0,14048000000.0,8678000000.0,91077000000.0,27437000000.0,0,0,0,16549000000.0,0,0,0,0,0,0,0,0,0,0,910000000.0,0,155703000000.0,0
2018q4,0,0,0,2800000000.0,15.333333333333334,152954000000.0,46033000000.0,0,0,7537000000.0,14098000000.0,8599000000.0,93202000000.0,31230000000.0,0,0,0,22540000000.0,0,0,0,0,0,2800000000.0,0,2600000000.0,0,0,1555000000.0,0,152954000000.0,0
2019q1,0,0,0,0.0,16.333333333333332,150027000000.0,41987000000.0,0,0,6923000000.0,14115000000.0,9086000000.0,91072000000.0,29111000000.0,0,0,0,5219000000.0,0,0,0,0,0,0,0,0,0,0,1002000000.0,0,150027000000.0,0
2019q2,0,0,0,0.0,16.666666666666668,155117000000.0,41799000000.0,0,0,6912000000.0,14653000000.0,9263000000.0,94332000000.0,31353000000.0,0,0,0,10765000000.0,0,0,0,0,0,0,0,0,0,0,1005000000.0,0,155117000000.0,0
2019q3,0,0,0,0.0,16.666666666666668,155521000000.0,44333000000.0,0,0,7491000000.0,14801000000.0,9173000000.0,97311000000.0,35162000000.0,0,0,0,16139000000.0,0,0,0,0,0,0,0,0,0,0,1008000000.0,0,155521000000.0,0
2019q4,0,0,0,1200000000.0,14.333333333333334,157728000000.0,45274000000.0,0,0,8544000000.0,14481000000.0,9020000000.0,98257000000.0,35964000000.0,0,0,0,22178000000.0,0,0,0,0,0,1200000000.0,0,0,0,0,2823000000.0,0,157728000000.0,0
2020q1,0,0,0,0.0,16.333333333333332,155017000000.0,44226000000.0,0,0,7411000000.0,14874000000.0,8868000000.0,93723000000.0,33689000000.0,0,0,0,5203000000.0,0,0,0,0,0,0,0,0,0,0,11000000.0,0,155017000000.0,0
2020q2,0,0,0,0.0,15.666666666666666,158380000000.0,45892000000.0,0,0,6765000000.0,14645000000.0,9424000000.0,95402000000.0,36772000000.0,0,0,0,4993000000.0,0,0,0,0,0,0,0,0,0,0,11000000.0,0,158380000000.0,0
2020q3,0,0,0,0.0,15.333333333333334,170693000000.0,57578000000.0,0,0,7044000000.0,14579000000.0,9599000000.0,106220000000.0,38847000000.0,0,0,0,15627000000.0,0,0,0,0,0,0,0,0,0,0,562000000.0,0,170693000000.0,0
2020q4,0,0,0,2600000000.0,15.333333333333334,174894000000.0,51237000000.0,0,0,9505000000.0,13576000000.0,9344000000.0,111616000000.0,42493000000.0,0,0,0,22084000000.0,0,0,0,0,0,2600000000.0,0,0,0,0,1064000000.0,0,174894000000.0,0
2021q1,0,0,0,0.0,52.666666666666664,172557000000.0,52533000000.0,0,0,8503000000.0,14938000000.0,9952000000.0,106723000000.0,40932000000.0,0,0,0,5432000000.0,0,0,0,0,0,0,0,0,0,0,1001000000.0,0,172557000000.0,0
2021q2,0,0,0,0.0,53.666666666666664,176440000000.0,53769000000.0,0,0,8704000000.0,14871000000.0,10100000000.0,106860000000.0,38721000000.0,0,0,0,11505000000.0,0,0,0,0,0,0,0,0,0,0,1451000000.0,0,176440000000.0,0
2021q3,0,0,0,0.0,33.333333333333336,179228000000.0,59889000000.0,0,0,8961000000.0,14911000000.0,10387000000.0,108956000000.0,44561000000.0,0,0,0,17505000000.0,0,0,0,0,0,0,0,0,0,0,1452000000.0,0,179228000000.0,0
2021q4,0,0,0,0.0,24.0,0,0,0,0,0,0,0,0,0,0,0,0,0,0,0,0,0,0,0,0,0,0,0,0,0,0,0
